@misc{source,
  author = {Author},
  title = {Title},
  howpublished = {\url{www.wikipedia.com}},
  year = 2001,
  note = {Accessed: 2021-03-20}
}